@Article{Zuc2009,
author = {Zucker, Andrew A.},
title = {Transforming Schools with Technology},
journal = {Independent School},
year = {2009}
}

@Misc{WebGLSpec,
title = {Web{GL} 1.0 {S}pecification},
organization = {The Khronos Group},
howpublished = {\url{https://www.khronos.org/registry/webgl/specs/1.0/}},
year = {2011}
}

@Book{Dil00,
author = {Diller, A.},
title = {LaTeX wiersz po wierszu},
publisher = {Wydawnictwo Helion},
year = {2000},
address = {Gliwice}
}

@Manual{ARM06,
title = {Ada Reference Manual {ISO}/{IEC} 8652:200y({E}) {E}d. 3},
organization = {Ada Europe},
year = {2006}
}

@Article{BuDo03,
author = {Burns, A. and Dobbing, B.},
title = {The {R}avenscar {P}rofile for Real--Time and High Integrity Systems},
journal = {Cross{T}alk},
year = {2003},
volume = {16},
number = {11},
pages = {9-12}
}



@InProceedings{PeDa04,
author = {Peleska, J. and Gro√üe, D. and Haxthausen, A. E. and Drechsler, R.},
title = {Automated Verification for Train Control Systems},
booktitle = {Proc. of the 5th Symposium on Formal Methods for Automation and Safety in Railway and Automotive Systems (FORMS/FORMAT 2004)},
year = {2004},
pages = {252-265},
address = {Braunschweig, Germany},
month = {December}
}

@TechReport{BuDoVa03,
author = {Burns, A. and Dobbing, B. and Vardanega, T.},
title = {Guide for the Use of the Ada Ravenscar Profile in High Integrity Systems},
institution = {University of York},
year = {2003},
number = {YCS-2003-348}
}



@manual{Alvis2011,
	organization = {AGH University of Science and Technology},
	year = {2011},
	title = {{On Line Alvis Manual}},
	note = {\\\texttt{http://fm.ia.agh.edu.pl/alvis:manual}},
	author = {Szpyrka, M.}
}
